%=== Avoid the dash line being on the same author ===%
@IEEEtranBSTCTL{IEEEexample:BSTcontrol,
CTLdash_repeated_names = "no"
}
%Next2Me
@inproceedings{baker2017next2me,
  title={Next2me: Capturing social interactions through smartphone devices using wifi and audio signals},
  author={Baker, Jon and Efstratiou, Christos},
  booktitle={Proceedings of the 14th EAI International Conference on Mobile and Ubiquitous Systems: Computing, Networking and Services},
  pages={412--421},
  year={2017}
}
% 聖文學長的
@inproceedings{lai2021viwise,
  title={Recognition of Mobility Relationships with Hybrid Feature Fusion},
  author={Lai, Sheng-Wun},
  booktitle={Unpublished master's thesis},
  year={2021},
  organization={National Cheng Kung University,Tainan,Taiwan}
}
% 榮漾學長的
@inproceedings{tsai2020proximity,
  title={ProTrack: Detecting Proximity and Trajectory from Passive Wireless Traces of Mobile Devices},
  author={S.-I. Sou, F.-J. Wu and S.-Y. Tsai},
  booktitle={IEEE ICC},
  year={2022}
}
%亭翰學長的
@inproceedings{chen2019witrack,
  title={WiTrack: Human-to-human mobility relationship tracking in indoor environments based on spatio-temporal wireless signal strength},
  author={Chen, Ting-Han and Sou, Sok-Ian and Lee, Yinman},
  booktitle={2019 IEEE Intl Conf on Dependable, Autonomic and Secure Computing, Intl Conf on Pervasive Intelligence and Computing, Intl Conf on Cloud and Big Data Computing, Intl Conf on Cyber Science and Technology Congress (DASC/PiCom/CBDCom/CyberSciTech)},
  pages={788--795},
  year={2019},
  organization={IEEE}
}

%巫老師學弟的（說話時間點）
@article{chen2015inference,
  title={Inference of conversation partners by cooperative acoustic sensing in smartphone networks},
  author={Chen, Yan-Ann and Chen, Ji and Tseng, Yu-Chee},
  journal={IEEE Transactions on Mobile Computing},
  volume={15},
  number={6},
  pages={1387--1400},
  year={2015},
  publisher={IEEE}
}
%Louvain's Algo.
@article{blondel2008fast,
  title={Fast unfolding of communities in large networks},
  author={Blondel, Vincent D and Guillaume, Jean-Loup and Lambiotte, Renaud and Lefebvre, Etienne},
  journal={Journal of statistical mechanics: theory and experiment},
  volume={2008},
  number={10},
  pages={P10008},
  year={2008},
  publisher={IOP Publishing}
}
%Word-count & overlapping
@INPROCEEDINGS{7178867,
author={Shokouhi, Navid and Ziaei, Ali and Sangwan, Abhijeet and Hansen, John H. L.},
booktitle={2015 IEEE International Conference on Acoustics, Speech and Signal Processing (ICASSP)},
title={Robust overlapped speech detection and its application in word-count estimation for Prof-Life-Log data},
year={2015},  volume={},  number={},  pages={4724-4728},  doi={10.1109/ICASSP.2015.7178867}
}
% Event Detection
@inproceedings{liu2018event,
  title={Event detection via gated multilingual attention mechanism},
  author={Liu, Jian and Chen, Yubo and Liu, Kang and Zhao, Jun},
  booktitle={Proceedings of the AAAI conference on artificial intelligence},
  volume={32},
  number={1},
  year={2018}
}
% Word2Vec & Hamming distance
@INPROCEEDINGS{8342858,
author={Gao, Jin and He, Yahao and Zhang, Xiaoyan and Xia, Yamei},
booktitle={2017 8th IEEE International Conference on Software Engineering and Service Science (ICSESS)},
title={Duplicate short text detection based on Word2vec},   year={2017},  volume={},  number={},  pages={33-37},  doi={10.1109/ICSESS.2017.8342858}
}
%8/18
@inproceedings{liu2019social,
  title={Social relation recognition from videos via multi-scale spatial-temporal reasoning},
  author={Liu, Xinchen and Liu, Wu and Zhang, Meng and Chen, Jingwen and Gao, Lianli and Yan, Chenggang and Mei, Tao},
  booktitle={Proceedings of the IEEE/CVF Conference on Computer Vision and Pattern Recognition},
  pages={3566--3574},
  year={2019}
}
%8/25 第一篇
@article{vahora2019deep,
  title={Deep neural network model for group activity recognition using contextual relationship},
  author={Vahora, SA and Chauhan, NC},
  journal={Engineering Science and Technology, an International Journal},
  volume={22},
  number={1},
  pages={47--54},
  year={2019},
  publisher={Elsevier}
}
%8/25 第二篇
@inproceedings{guo2019social,
  title={Social relationship recognition based on a hybrid deep neural network},
  author={Guo, Xin and Polan{\'\i}a, Luisa F and Garcia-Frias, Javier and Barner, Kenneth E},
  booktitle={2019 14th IEEE International Conference on Automatic Face \& Gesture Recognition (FG 2019)},
  pages={1--5},
  year={2019},
  organization={IEEE}
}

%9/3 第一篇
@inproceedings{zou2019wifi,
  title={Wifi and vision multimodal learning for accurate and robust device-free human activity recognition},
  author={Zou, Han and Yang, Jianfei and Prasanna Das, Hari and Liu, Huihan and Zhou, Yuxun and Spanos, Costas J},
  booktitle={Proceedings of the IEEE/CVF Conference on Computer Vision and Pattern Recognition Workshops},
  year={2019}
}
%9/3 第二篇
@article{guo2021improving,
  title={Improving human action recognition by jointly exploiting video and WiFi clues},
  author={Guo, Jun and Shi, Mei and Zhu, Xingwu and Huang, Wei and He, Yi and Zhang, Weiwei and Tang, Zhanyong},
  journal={Neurocomputing},
  volume={458},
  pages={14--23},
  year={2021},
  publisher={Elsevier}
}
%9/10 第一篇
@inproceedings{roth2020ava,
  title={Ava active speaker: An audio-visual dataset for active speaker detection},
  author={Roth, Joseph and Chaudhuri, Sourish and Klejch, Ondrej and Marvin, Radhika and Gallagher, Andrew and Kaver, Liat and Ramaswamy, Sharadh and Stopczynski, Arkadiusz and Schmid, Cordelia and Xi, Zhonghua and others},
  booktitle={ICASSP 2020-2020 IEEE International Conference on Acoustics, Speech and Signal Processing (ICASSP)},
  pages={4492--4496},
  year={2020},
  organization={IEEE}
}
% 9/10 第二篇
@inproceedings{tao2019audio,
  title={Audio-Based Group Detection for Classroom Dynamics Analysis},
  author={Tao, Yudong and Mitsven, Samantha G and Perry, Lynn K and Messinger, Daniel S and Shyu, Mei-Ling},
  booktitle={2019 International Conference on Data Mining Workshops (ICDMW)},
  pages={855--862},
  year={2019},
  organization={IEEE}
}
%9/24 第二篇
@incollection{yasmin2019speaker,
  title={Speaker identification from mixture of speech and non-speech audio signal},
  author={Yasmin, Ghazaala and Dhara, Subrata and Mahindar, Rudrendu and Das, Asit Kumar},
  booktitle={Soft Computing in Data Analytics},
  pages={473--482},
  year={2019},
  publisher={Springer}
}
% 10/1 第二篇
@article{akbari2021deep,
  title={Deep Neural Network with Extracted Features for Social Group Detection},
  author={Akbari, A and Farsi, H and Mohamadzadeh, S},
  journal={Journal of Electrical and Computer Engineering Innovations (JECEI)},
  volume={9},
  number={1},
  pages={47--56},
  year={2021},
  publisher={Shahid Rajaee Teacher Training University}
}
% 10/29 第一篇
@inproceedings{li2019scoring,
  title={A Scoring System of Oral English-Chinese Translation Based on Frame Semantic Analysis},
  author={Li, XinGuang and Long, XiaoLan and Long, Yan and Liang, ChuHua},
  booktitle={2019 6th International Conference on Systems and Informatics (ICSAI)},
  pages={742--747},
  year={2019},
  organization={IEEE}
}
% 11/26
@inproceedings{chen2020topic,
  title={Topic-based measures of conversation for detecting mild cognitive impairment},
  author={Chen, Liu and Dodge, Hiroko H and Asgari, Meysam},
  booktitle={Proceedings of the conference. Association for Computational Linguistics. Meeting},
  volume={2020},
  pages={63},
  year={2020},
  organization={NIH Public Access}
}
% Braun-Blanquet Similarity(第一個Similarity算法)
@inproceedings{10.1145/3055399.3055443,
author = {Christiani, Tobias and Pagh, Rasmus},
title = {Set Similarity Search beyond MinHash},
year = {2017},
isbn = {9781450345286},
publisher = {Association for Computing Machinery},
address = {New York, NY, USA},
url = {https://doi.org/10.1145/3055399.3055443},
doi = {10.1145/3055399.3055443},
booktitle = {Proceedings of the 49th Annual ACM SIGACT Symposium on Theory of Computing},
pages = {1094–1107},
numpages = {14},
keywords = {Braun-Blanquet similarity, Similarity search, Locality-sensitive hashing, Jaccard similarity, Near neighbor search, MinHash},
location = {Montreal, Canada},
series = {STOC 2017}
}
% Dice Similarity (第二個Similarity算法)
@inproceedings{xiao2009top,
  title={Top-k set similarity joins},
  author={Xiao, Chuan and Wang, Wei and Lin, Xuemin and Shang, Haichuan},
  booktitle={2009 IEEE 25th International Conference on Data Engineering},
  pages={916--927},
  year={2009},
  organization={IEEE}
}
% 兩個Similarity都有
@INPROCEEDINGS{9198782,  
author={Korepanova, Anastasia A. and Oliseenko, Valerii D. and Abramov, Maxim V.},  booktitle={2020 XXIII International Conference on Soft Computing and Measurements (SCM)},   title={Applicability of Similarity Coefficients in Social Circle Matching},   
year={2020},  volume={},  number={},  pages={41-43},  
doi={10.1109/SCM50615.2020.9198782}
}
%----以下是學長的----%
%introduction - application
@inproceedings{andrade2018risc,
  title={RiSC: Quantifying change after natural disasters to estimate infrastructure damage with mobile phone data},
  author={Andrade, Xavier and Layedra, Fabricio and Vaca, Carmen and Cruz, Eduardo},
  booktitle={2018 IEEE International Conference on Big Data (Big Data)},
  pages={3383--3391},
  year={2018},
  organization={IEEE}
}
@inproceedings{naji2017towards,
  title={Towards understanding the impact of human mobility patterns on taxi drivers' income based on GPS data: A case study in Wuhan—China},
  author={Naji, Hasan AH and Wu, Chaozhong and Zhang, Hui and Li, Liqun},
  booktitle={2017 4th International Conference on Transportation Information and Safety (ICTIS)},
  pages={1152--1160},
  year={2017},
  organization={IEEE}
}
@inproceedings{chon2014sensing,
  title={Sensing wifi packets in the air: practicality and implications in urban mobility monitoring},
  author={Chon, Yohan and Kim, Suyeon and Lee, Seungwoo and Kim, Dongwon and Kim, Yungeun and Cha, Hojung},
  booktitle={Proceedings of the 2014 ACM International Joint Conference on Pervasive and Ubiquitous Computing},
  pages={189--200},
  year={2014}
}
%introduction - passive sniffing

@article{shen2020bag,
  title={BaG: behavior-aware group detection in crowded urban spaces using WiFi probes},
  author={Shen, Jiaxing and Cao, Jiannong and Liu, Xuefeng},
  journal={IEEE Transactions on Mobile Computing},
  year={2020},
  publisher={IEEE}
}
@inproceedings{solmaz2017together,
  title={Together or alone: Detecting group mobility with wireless fingerprints},
  author={Solmaz, G{\"u}rkan and Wu, Fang-Jing},
  booktitle={2017 IEEE International Conference on Communications (ICC)},
  pages={1--7},
  year={2017},
  organization={IEEE}
}
@article{shen2018snow,
  title={Snow: detecting shopping groups using WiFi},
  author={Shen, Jiaxing and Cao, Jiannong and Liu, Xuefeng and Tang, Shaojie},
  journal={IEEE Internet of Things Journal},
  volume={5},
  number={5},
  pages={3908--3917},
  year={2018},
  publisher={IEEE}
}
@inproceedings{solmaz2020group,
  title={Group-In: Group Inference from Wireless Traces of Mobile Devices},
  author={Solmaz, G{\"u}rkan and F{\"u}rst, Jonathan and Ayta{\c{c}}, Samet and Wu, Fang-Jing},
  booktitle={2020 19th ACM/IEEE International Conference on Information Processing in Sensor Networks (IPSN)},
  pages={157--168},
  year={2020},
  organization={IEEE}
}
%introduction - motion sensor
@article{san2016human,
  title={Human activity monitoring based on hidden Markov models using a smartphone},
  author={San-Segundo, Rub{\'e}n and Echeverry-Correa, Juli{\'a}n David and Salamea, Christian and Pardo, Jos{\'e} Manuel},
  journal={IEEE Instrumentation \& Measurement Magazine},
  volume={19},
  number={6},
  pages={27--31},
  year={2016},
  publisher={IEEE}
}
@article{wang2019deep,
  title={Deep learning for sensor-based activity recognition: A survey},
  author={Wang, Jindong and Chen, Yiqiang and Hao, Shuji and Peng, Xiaohui and Hu, Lisha},
  journal={Pattern Recognition Letters},
  volume={119},
  pages={3--11},
  year={2019},
  publisher={Elsevier}
}
@inproceedings{yao2017deepsense,
  title={Deepsense: A unified deep learning framework for time-series mobile sensing data processing},
  author={Yao, Shuochao and Hu, Shaohan and Zhao, Yiran and Zhang, Aston and Abdelzaher, Tarek},
  booktitle={Proceedings of the 26th International Conference on World Wide Web},
  pages={351--360},
  year={2017}
}
%introduction - video and image
@inproceedings{alletto2014ego,
  title={From ego to nos-vision: Detecting social relationships in first-person views},
  author={Alletto, Stefano and Serra, Giuseppe and Calderara, Simone and Solera, Francesco and Cucchiara, Rita},
  booktitle={Proceedings of the IEEE Conference on Computer Vision and Pattern Recognition Workshops},
  pages={580--585},
  year={2014}
}
@article{wang2018detecting,
  title={Detecting coherent groups in crowd scenes by multiview clustering},
  author={Wang, Qi and Chen, Mulin and Nie, Feiping and Li, Xuelong},
  journal={IEEE transactions on pattern analysis and machine intelligence},
  volume={42},
  number={1},
  pages={46--58},
  year={2018},
  publisher={IEEE}
}
@inproceedings{li2017dual,
  title={Dual-glance model for deciphering social relationships},
  author={Li, Junnan and Wong, Yongkang and Zhao, Qi and Kankanhalli, Mohan S},
  booktitle={Proceedings of the IEEE International Conference on Computer Vision},
  pages={2650--2659},
  year={2017}
}
@inproceedings{roy2019classification,
  title={Classification of Moving Crowd Based on Motion Pattern},
  author={Roy, Aneek and Biswas, Nimagna and Saha, Sanjoy Kumar and Chanda, Bhabatosh},
  booktitle={2019 IEEE Region 10 Symposium (TENSYMP)},
  pages={102--107},
  year={2019},
  organization={IEEE}
}
%introduction - mobile sensing
@article{du2017recognition,
  title={Recognition of group mobility level and group structure with mobile devices},
  author={Du, He and Yu, Zhiwen and Yi, Fei and Wang, Zhu and Han, Qi and Guo, Bin},
  journal={IEEE Transactions on Mobile Computing},
  volume={17},
  number={4},
  pages={884--897},
  year={2017},
  publisher={IEEE}
}
@inproceedings{katevas2019finding,
  title={Finding dory in the crowd: Detecting social interactions using multi-modal mobile sensing},
  author={Katevas, Kleomenis and H{\"a}nsel, Katrin and Clegg, Richard and Leontiadis, Ilias and Haddadi, Hamed and Tokarchuk, Laurissa},
  booktitle={Proceedings of the 1st Workshop on Machine Learning on Edge in Sensor Systems},
  pages={37--42},
  year={2019}
}
@inproceedings{he2019crowd,
  title={Crowd-flow graph construction and identification with spatio-temporal signal feature fusion},
  author={He, Suining and Shin, Kang G},
  booktitle={IEEE INFOCOM 2019-IEEE Conference on Computer Communications},
  pages={757--765},
  year={2019},
  organization={IEEE}
}
@inproceedings{sen2014grumon,
  title={Grumon: Fast and accurate group monitoring for heterogeneous urban spaces},
  author={Sen, Rijurekha and Lee, Youngki and Jayarajah, Kasthuri and Misra, Archan and Balan, Rajesh Krishna},
  booktitle={Proceedings of the 12th ACM conference on embedded network sensor systems},
  pages={46--60},
  year={2014}
}
%introduction - yolo
@article{bochkovskiy2020yolov4,
  title={Yolov4: Optimal speed and accuracy of object detection},
  author={Bochkovskiy, Alexey and Wang, Chien-Yao and Liao, Hong-Yuan Mark},
  journal={arXiv preprint arXiv:2004.10934},
  year={2020}
}
%introduction - ImageHash
@article{zauner2010implementation,
  title={Implementation and benchmarking of perceptual image hash functions},
  author={Zauner, Christoph},
  year={2010},
  publisher={na}
}
%introduction - TextHash
@inproceedings{aumasson2013blake2,
  title={BLAKE2: simpler, smaller, fast as MD5},
  author={Aumasson, Jean-Philippe and Neves, Samuel and Wilcox-O’Hearn, Zooko and Winnerlein, Christian},
  booktitle={International Conference on Applied Cryptography and Network Security},
  pages={119--135},
  year={2013},
  organization={Springer}
}
% simhash
@article{sadowski2007simhash,
  title={Simhash: Hash-based similarity detection},
  author={Sadowski, Caitlin and Levin, Greg},
  journal={Technical report, Google},
  year={2007}
}
% body sensor
@inproceedings{wang2011analysis,
  title={Analysis of filtering methods for 3D acceleration signals in body sensor network},
  author={Wang, Wei-zhong and Guo, Yan-wei and Huang, Bang-yu and Zhao, Guo-ru and Liu, Bo-qiang and Wang, Lei},
  booktitle={International Symposium on Bioelectronics and Bioinformations 2011},
  pages={263--266},
  year={2011},
  organization={IEEE}
}
% OpenStreetMap
@misc{OpenStreetMap,
  title = {{OpenStreetMap}},
  howpublished = {\url{https://www.openstreetmap.org/copyright}},
}